@inproceedings{Puetz:2018,
  author = {Sebastian Pütz and Jorge Santos Simón and Joachim Hertzberg},
  title = {{Move Base Flex}: A Highly Flexible Navigation Framework for Mobile Robots},
  booktitle = {2018 IEEE/RSJ International Conference on Intelligent Robots and Systems (IROS)},
  year = 2018,
  month = {October},
  url = {https://github.com/magazino/move_base_flex},
  note = {Software available at \url{https://github.com/magazino/move_base_flex}}
}

@inproceedings{Moore:2014,
  author    = {T. Moore and D. Stouch},
  title     = {A Generalized Extended Kalman Filter Implementation for the Robot Operating System},
  year      = {2014},
  month     = {July},
  booktitle = {Proceedings of the 13th International Conference on Intelligent Autonomous Systems (IAS-13)},
  publisher = {Springer}
}

@online{MarsRover,
  author = {NASA/JPL/Cornell University, Maas Digital LLC, Public domain, via Wikimedia Commons},
  title = {NASA Mars Rover},
  url = {https://commons.wikimedia.org/wiki/File:NASA_Mars_Rover.jpg},
  urldate = {2022-03-02}
}

@online{WaveGlider,
  author = {Oregon State University},
  title = {Seafloor Geodesy and the Wave Glider},
  url = {https://blogs.oregonstate.edu/pictures/2016/11/25/seafloor-geodesy-wave-glider/},
  urldate = {2022-03-02}
}

@online{ServiceRobot,
  author = {MetraLabs GmbH | Neue Technologien und Systeme},
  title = {SCITOS A5},
  url = {https://www.metralabs.com/en/service-robot-scitos-a5/},
  urldate = {2022-03-02}
}
